
@article{kozlov2019raxml,
  title={RAxML-NG: a fast, scalable and user-friendly tool for maximum likelihood phylogenetic inference},
  author={Kozlov, Alexey M and Darriba, Diego and Flouri, Tom{\'a}{\v{s}} and Morel, Benoit and Stamatakis, Alexandros},
  journal={Bioinformatics},
  volume={35},
  number={21},
  pages={4453--4455},
  year={2019},
  publisher={Oxford University Press}
}

@incollection{pond2005hyphy,
  title={HyPhy: hypothesis testing using phylogenies},
  author={Pond, Sergei L Kosakovsky and Muse, Spencer V},
  booktitle={Statistical methods in molecular evolution},
  pages={125--181},
  year={2005},
  publisher={Springer}
}

@article{murrell2012detecting,
  title={Detecting individual sites subject to episodic diversifying selection},
  author={Murrell, Ben and Wertheim, Joel O and Moola, Sasha and Weighill, Thomas and Scheffler, Konrad and Kosakovsky Pond, Sergei L},
  journal={PLoS genetics},
  volume={8},
  number={7},
  pages={e1002764},
  year={2012},
  publisher={Public Library of Science San Francisco, USA}
}

@article{yu2017ggtree,
  title={ggtree: an R package for visualization and annotation of phylogenetic trees with their covariates and other associated data},
  author={Yu, Guangchuang and Smith, David K and Zhu, Huachen and Guan, Yi and Lam, Tommy Tsan-Yuk},
  journal={Methods in Ecology and Evolution},
  volume={8},
  number={1},
  pages={28--36},
  year={2017},
  publisher={Wiley Online Library}
}

@article{slater2005automated,
  title={Automated generation of heuristics for biological sequence comparison},
  author={Slater, Guy St C and Birney, Ewan},
  journal={BMC bioinformatics},
  volume={6},
  number={1},
  pages={1--11},
  year={2005},
  publisher={Springer}
}
@article{tarvin2016convergent,
  title={Convergent substitutions in a sodium channel suggest multiple origins of toxin resistance in poison frogs},
  author={Tarvin, Rebecca D and Santos, Juan C and O'Connell, Lauren A and Zakon, Harold H and Cannatella, David C},
  journal={Molecular biology and evolution},
  volume={33},
  number={4},
  pages={1068--1080},
  year={2016},
  publisher={Oxford University Press}
}

@article{gendreau2021gene,
  title={Gene conversion facilitates the adaptive evolution of self-resistance in highly toxic newts},
  author={Gendreau, Kerry L and Hornsby, Angela D and Hague, Michael TJ and McGlothlin, Joel W},
  journal={Molecular Biology and Evolution},
  volume={38},
  number={10},
  pages={4077--4094},
  year={2021},
  publisher={Oxford University Press}
}

@article{bankevich2012spades,
  title={SPAdes: a new genome assembly algorithm and its applications to single-cell sequencing},
  author={Bankevich, Anton and Nurk, Sergey and Antipov, Dmitry and Gurevich, Alexey A and Dvorkin, Mikhail and Kulikov, Alexander S and Lesin, Valery M and Nikolenko, Sergey I and Pham, Son and Prjibelski, Andrey D and others},
  journal={Journal of computational biology},
  volume={19},
  number={5},
  pages={455--477},
  year={2012},
  publisher={Mary Ann Liebert, Inc. 140 Huguenot Street, 3rd Floor New Rochelle, NY 10801 USA}
}

@article{altschul1990basic,
  title={Basic local alignment search tool},
  author={Altschul, Stephen F and Gish, Warren and Miller, Webb and Myers, Eugene W and Lipman, David J},
  journal={Journal of molecular biology},
  volume={215},
  number={3},
  pages={403--410},
  year={1990},
  publisher={Elsevier}
}

@article{koster2012snakemake,
  title={Snakemake—a scalable bioinformatics workflow engine},
  author={K{\"o}ster, Johannes and Rahmann, Sven},
  journal={Bioinformatics},
  volume={28},
  number={19},
  pages={2520--2522},
  year={2012},
  publisher={Oxford University Press}
}

@article{tarvin2017interacting,
  title={Interacting amino acid replacements allow poison frogs to evolve epibatidine resistance},
  author={Tarvin, Rebecca D and Borghese, Cecilia M and Sachs, Wiebke and Santos, Juan C and Lu, Ying and O’Connell, Lauren A and Cannatella, David C and Harris, R Adron and Zakon, Harold H},
  journal={Science},
  volume={357},
  number={6357},
  pages={1261--1266},
  year={2017},
  publisher={American Association for the Advancement of Science}
}

@article{martins1997phylogenies,
  title={Phylogenies and the comparative method: a general approach to incorporating phylogenetic information into the analysis of interspecific data},
  author={Martins, Emilia P and Hansen, Thomas F},
  journal={The American Naturalist},
  volume={149},
  number={4},
  pages={646--667},
  year={1997},
  publisher={University of Chicago Press}
}

@article{revell2012phytools,
  title={phytools: an R package for phylogenetic comparative biology (and other things)},
  author={Revell, Liam J},
  journal={Methods in ecology and evolution},
  number={2},
  pages={217--223},
  year={2012},
  publisher={Blackwell Publishing Ltd}
}

@article{paradis2004ape,
  title={APE: analyses of phylogenetics and evolution in R language},
  author={Paradis, Emmanuel and Claude, Julien and Strimmer, Korbinian},
  journal={Bioinformatics},
  volume={20},
  number={2},
  pages={289--290},
  year={2004},
  publisher={Oxford University Press}
}

@article{zhou2022ggmsa,
  title={ggmsa: a visual exploration tool for multiple sequence alignment and associated data},
  author={Zhou, Lang and Feng, Tingze and Xu, Shuangbin and Gao, Fangluan and Lam, Tommy T and Wang, Qianwen and Wu, Tianzhi and Huang, Huina and Zhan, Li and Li, Lin and others},
  journal={Briefings in Bioinformatics},
  year={2022}
}

@article{capella2009trimal,
  title={trimAl: a tool for automated alignment trimming in large-scale phylogenetic analyses},
  author={Capella-Guti{\'e}rrez, Salvador and Silla-Mart{\'\i}nez, Jos{\'e} M and Gabald{\'o}n, Toni},
  journal={Bioinformatics},
  volume={25},
  number={15},
  pages={1972--1973},
  year={2009},
  publisher={Oxford University Press}
}

@article{murrell2015gene,
  title={Gene-wide identification of episodic selection},
  author={Murrell, Ben and Weaver, Steven and Smith, Martin D and Wertheim, Joel O and Murrell, Sasha and Aylward, Anthony and Eren, Kemal and Pollner, Tristan and Martin, Darren P and Smith, Davey M and others},
  journal={Molecular biology and evolution},
  volume={32},
  number={5},
  pages={1365--1371},
  year={2015},
  publisher={Oxford University Press}
}

@article{sukumaran2010dendropy,
  title={DendroPy: a Python library for phylogenetic computing},
  author={Sukumaran, Jeet and Holder, Mark T},
  journal={Bioinformatics},
  volume={26},
  number={12},
  pages={1569--1571},
  year={2010},
  publisher={Oxford University Press}
}

@article{katoh2005mafft,
  title={MAFFT version 5: improvement in accuracy of multiple sequence alignment},
  author={Katoh, Kazutaka and Kuma, Kei-ichi and Toh, Hiroyuki and Miyata, Takashi},
  journal={Nucleic acids research},
  volume={33},
  number={2},
  pages={511--518},
  year={2005},
  publisher={Oxford University Press}
}

@article{johnson2016hybpiper,
  title={HybPiper: Extracting coding sequence and introns for phylogenetics from high-throughput sequencing reads using target enrichment},
  author={Johnson, Matthew G and Gardner, Elliot M and Liu, Yang and Medina, Rafael and Goffinet, Bernard and Shaw, A Jonathan and Zerega, Nyree JC and Wickett, Norman J},
  journal={Applications in plant sciences},
  volume={4},
  number={7},
  pages={1600016},
  year={2016},
  publisher={Wiley Online Library}
}

@article{altschul1990basic,
  title={Basic local alignment search tool},
  author={Altschul, Stephen F and Gish, Warren and Miller, Webb and Myers, Eugene W and Lipman, David J},
  journal={Journal of molecular biology},
  volume={215},
  number={3},
  pages={403--410},
  year={1990},
  publisher={Elsevier}
}

@article{bankevich2012spades,
  title={SPAdes: a new genome assembly algorithm and its applications to single-cell sequencing},
  author={Bankevich, Anton and Nurk, Sergey and Antipov, Dmitry and Gurevich, Alexey A and Dvorkin, Mikhail and Kulikov, Alexander S and Lesin, Valery M and Nikolenko, Sergey I and Pham, Son and Prjibelski, Andrey D and others},
  journal={Journal of computational biology},
  volume={19},
  number={5},
  pages={455--477},
  year={2012},
  publisher={Mary Ann Liebert, Inc. 140 Huguenot Street, 3rd Floor New Rochelle, NY 10801 USA}
}

@article{slater2005automated,
  title={Automated generation of heuristics for biological sequence comparison},
  author={Slater, Guy St C and Birney, Ewan},
  journal={BMC bioinformatics},
  volume={6},
  number={1},
  pages={31},
  year={2005},
  publisher={Springer}
}